<?xml version="1.0" encoding="UTF-8"?>
  <record xmlns="http://www.loc.gov/MARC21/slim" type="Authority">
    <leader>00000nz  a2200000nc 4500</leader>
    <controlfield tag="001">118928872</controlfield>
    <controlfield tag="003">DE-101</controlfield>
    <controlfield tag="005">20170328122614.0</controlfield>
    <controlfield tag="008">900905n||azznnaabn           | aaa    |c</controlfield>
    <datafield tag="024" ind1="7" ind2=" ">
      <subfield code="a">118928872</subfield>
      <subfield code="0">http://d-nb.info/gnd/118928872</subfield>
      <subfield code="2">gnd</subfield>
    </datafield>
    <datafield tag="035" ind1=" " ind2=" ">
      <subfield code="a">(DE-101)118928872</subfield>
    </datafield>
    <datafield tag="035" ind1=" " ind2=" ">
      <subfield code="a">(DE-588)118928872</subfield>
    </datafield>
    <datafield tag="035" ind1=" " ind2=" ">
      <subfield code="z">(DE-588a)118928872</subfield>
      <subfield code="9">v:zg</subfield>
    </datafield>
    <datafield tag="035" ind1=" " ind2=" ">
      <subfield code="z">(DE-588c)4240368-6</subfield>
      <subfield code="9">v:zg</subfield>
    </datafield>
    <datafield tag="040" ind1=" " ind2=" ">
      <subfield code="a">DE-12</subfield>
      <subfield code="c">DE-12</subfield>
      <subfield code="9">r:DE-12</subfield>
      <subfield code="b">ger</subfield>
      <subfield code="d">3004</subfield>
      <subfield code="e">rakwb</subfield>
      <subfield code="f">rswk</subfield>
    </datafield>
    <datafield tag="042" ind1=" " ind2=" ">
      <subfield code="a">gnd1</subfield>
    </datafield>
    <datafield tag="043" ind1=" " ind2=" ">
      <subfield code="c">XA-PL</subfield>
    </datafield>
    <datafield tag="065" ind1=" " ind2=" ">
      <subfield code="a">16.5p</subfield>
      <subfield code="2">sswd</subfield>
    </datafield>
    <datafield tag="075" ind1=" " ind2=" ">
      <subfield code="b">p</subfield>
      <subfield code="2">gndgen</subfield>
    </datafield>
    <datafield tag="075" ind1=" " ind2=" ">
      <subfield code="b">pik</subfield>
      <subfield code="2">gndspec</subfield>
    </datafield>
    <datafield tag="079" ind1=" " ind2=" ">
      <subfield code="a">g</subfield>
      <subfield code="q">s</subfield>
      <subfield code="q">f</subfield>
      <subfield code="q">e</subfield>
      <subfield code="q">n</subfield>
      <subfield code="u">w</subfield>
    </datafield>
    <datafield tag="100" ind1="0" ind2=" ">
      <subfield code="a">Rycheza</subfield>
      <subfield code="c">Polen, Königin</subfield>
      <subfield code="d">995-1063</subfield>
    </datafield>
    <datafield tag="400" ind1="0" ind2=" ">
      <subfield code="a">Richeza</subfield>
      <subfield code="c">Polen, Königin</subfield>
      <subfield code="d">995-1063</subfield>
    </datafield>
    <datafield tag="400" ind1="0" ind2=" ">
      <subfield code="a">Richeza</subfield>
      <subfield code="c">Polska, Królowa</subfield>
      <subfield code="d">995-1063</subfield>
    </datafield>
    <datafield tag="400" ind1="0" ind2=" ">
      <subfield code="a">Richeza</subfield>
      <subfield code="c">von Lothringen</subfield>
      <subfield code="d">995-1063</subfield>
    </datafield>
    <datafield tag="400" ind1="0" ind2=" ">
      <subfield code="a">Richiza</subfield>
      <subfield code="c">Polen, Königin</subfield>
      <subfield code="d">995-1063</subfield>
    </datafield>
    <datafield tag="400" ind1="0" ind2=" ">
      <subfield code="a">Richèze</subfield>
      <subfield code="c">Pologne, Régente</subfield>
      <subfield code="d">995-1063</subfield>
    </datafield>
    <datafield tag="400" ind1="0" ind2=" ">
      <subfield code="a">Richèze</subfield>
      <subfield code="c">Fille d'Ezzon</subfield>
      <subfield code="d">995-1063</subfield>
    </datafield>
    <datafield tag="400" ind1="0" ind2=" ">
      <subfield code="a">Richeza</subfield>
      <subfield code="c">Comitissa Palatina</subfield>
      <subfield code="d">995-1063</subfield>
    </datafield>
    <datafield tag="400" ind1="0" ind2=" ">
      <subfield code="a">Richza</subfield>
      <subfield code="c">Polen, Königin</subfield>
      <subfield code="d">995-1063</subfield>
    </datafield>
    <datafield tag="400" ind1="0" ind2=" ">
      <subfield code="a">Rixa</subfield>
      <subfield code="c">Polen, Königin</subfield>
      <subfield code="d">995-1063</subfield>
    </datafield>
    <datafield tag="400" ind1="0" ind2=" ">
      <subfield code="a">Richenza</subfield>
      <subfield code="c">Polen, Königin</subfield>
      <subfield code="d">995-1063</subfield>
    </datafield>
    <datafield tag="500" ind1="0" ind2=" ">
      <subfield code="0">(DE-101)124283209</subfield>
      <subfield code="0">(DE-588)124283209</subfield>
      <subfield code="0">https://d-nb.info/gnd/124283209</subfield>
      <subfield code="a">Ezzo</subfield>
      <subfield code="c">Lothringen, Pfalzgraf</subfield>
      <subfield code="d">955-1034</subfield>
      <subfield code="4">bezf</subfield>
      <subfield code="4">https://d-nb.info/standards/elementset/gnd#familialRelationship</subfield>
      <subfield code="w">r</subfield>
      <subfield code="i">Beziehung familiaer</subfield>
      <subfield code="e">Beziehung familiaer</subfield>
      <subfield code="9">v:Vater</subfield>
    </datafield>
    <datafield tag="500" ind1="0" ind2=" ">
      <subfield code="0">(DE-101)11916955X</subfield>
      <subfield code="0">(DE-588)11916955X</subfield>
      <subfield code="0">https://d-nb.info/gnd/11916955X</subfield>
      <subfield code="a">Mieszko</subfield>
      <subfield code="b">II.</subfield>
      <subfield code="c">Polen, König</subfield>
      <subfield code="d">990-1034</subfield>
      <subfield code="4">bezf</subfield>
      <subfield code="4">https://d-nb.info/standards/elementset/gnd#familialRelationship</subfield>
      <subfield code="w">r</subfield>
      <subfield code="i">Beziehung familiaer</subfield>
      <subfield code="e">Beziehung familiaer</subfield>
      <subfield code="9">v:Ehemann</subfield>
    </datafield>
    <datafield tag="500" ind1="0" ind2=" ">
      <subfield code="0">(DE-101)122061616</subfield>
      <subfield code="0">(DE-588)122061616</subfield>
      <subfield code="0">https://d-nb.info/gnd/122061616</subfield>
      <subfield code="a">Kasimir</subfield>
      <subfield code="b">I.</subfield>
      <subfield code="c">der Erneuerer, Polen, Herzog</subfield>
      <subfield code="d">1016-1058</subfield>
      <subfield code="4">bezf</subfield>
      <subfield code="4">https://d-nb.info/standards/elementset/gnd#familialRelationship</subfield>
      <subfield code="w">r</subfield>
      <subfield code="i">Beziehung familiaer</subfield>
      <subfield code="e">Beziehung familiaer</subfield>
      <subfield code="9">v:Sohn</subfield>
    </datafield>
    <datafield tag="548" ind1=" " ind2=" ">
      <subfield code="a">995-1063</subfield>
      <subfield code="4">datl</subfield>
      <subfield code="4">https://d-nb.info/standards/elementset/gnd#dateOfBirthAndDeath</subfield>
      <subfield code="w">r</subfield>
      <subfield code="i">Lebensdaten</subfield>
      <subfield code="9">v:Geburtsjahr ca.</subfield>
    </datafield>
    <datafield tag="548" ind1=" " ind2=" ">
      <subfield code="a">XX.XX.995-21.03.1063</subfield>
      <subfield code="4">datx</subfield>
      <subfield code="4">https://d-nb.info/standards/elementset/gnd#dateOfBirthAndDeath</subfield>
      <subfield code="w">r</subfield>
      <subfield code="i">Exakte Lebensdaten</subfield>
    </datafield>
    <datafield tag="550" ind1=" " ind2=" ">
      <subfield code="0">(DE-101)041643798</subfield>
      <subfield code="0">(DE-588)4164379-3</subfield>
      <subfield code="0">https://d-nb.info/gnd/4164379-3</subfield>
      <subfield code="a">Königin</subfield>
      <subfield code="4">adel</subfield>
      <subfield code="4">https://d-nb.info/standards/elementset/gnd#titleOfNobility</subfield>
      <subfield code="w">r</subfield>
      <subfield code="i">Adelstitel</subfield>
    </datafield>
    <datafield tag="551" ind1=" " ind2=" ">
      <subfield code="0">(DE-101)040510875</subfield>
      <subfield code="0">(DE-588)4051087-6</subfield>
      <subfield code="0">https://d-nb.info/gnd/4051087-6</subfield>
      <subfield code="a">Saalfeld/Saale</subfield>
      <subfield code="4">orts</subfield>
      <subfield code="4">https://d-nb.info/standards/elementset/gnd#placeOfDeath</subfield>
      <subfield code="w">r</subfield>
      <subfield code="i">Sterbeort</subfield>
    </datafield>
    <datafield tag="551" ind1=" " ind2=" ">
      <subfield code="0">(DE-101)040312410</subfield>
      <subfield code="0">(DE-588)4031241-0</subfield>
      <subfield code="0">https://d-nb.info/gnd/4031241-0</subfield>
      <subfield code="a">Klotten</subfield>
      <subfield code="4">ortw</subfield>
      <subfield code="4">https://d-nb.info/standards/elementset/gnd#placeOfActivity</subfield>
      <subfield code="w">r</subfield>
      <subfield code="i">Wirkungsort</subfield>
    </datafield>
    <datafield tag="667" ind1=" " ind2=" ">
      <subfield code="a">Red. SSG</subfield>
    </datafield>
    <datafield tag="670" ind1=" " ind2=" ">
      <subfield code="a">LMA,VII,832</subfield>
    </datafield>
    <datafield tag="670" ind1=" " ind2=" ">
      <subfield code="a">NDB/ADB-online</subfield>
    </datafield>
    <datafield tag="670" ind1=" " ind2=" ">
      <subfield code="a">Europ. Stammtafeln Bd. 2, 120 (NF)</subfield>
    </datafield>
    <datafield tag="670" ind1=" " ind2=" ">
      <subfield code="a">Wikipedia</subfield>
      <subfield code="b">Stand:28.3.2017</subfield>
      <subfield code="u">https://de.wikipedia.org/wiki/Richeza_%28Polen%29</subfield>
    </datafield>
    <datafield tag="670" ind1=" " ind2=" ">
      <subfield code="a">RPPD</subfield>
    </datafield>
    <datafield tag="678" ind1=" " ind2=" ">
      <subfield code="b">Poln. Königin aus der Familie der Ezzonen; Selige</subfield>
    </datafield>
    <datafield tag="913" ind1=" " ind2=" ">
      <subfield code="S">pnd</subfield>
      <subfield code="i">5</subfield>
      <subfield code="a">Richeza &lt;Polska, Królowa&gt;</subfield>
      <subfield code="0">(DE-588a)118928872</subfield>
    </datafield>
    <datafield tag="913" ind1=" " ind2=" ">
      <subfield code="S">pnd</subfield>
      <subfield code="i">5</subfield>
      <subfield code="a">Richeza &lt;Polen, Königin&gt;</subfield>
      <subfield code="0">(DE-588a)118928872</subfield>
    </datafield>
  </record>
